@article{wong2009contrastive,
  title={Contrastive analysis and native language identification},
  author={Wong, Sze-Meng Jojo and Dras, Mark},
  journal={Proceedings of the Australasian Language Technology Association Workshop},
  pages={53--61},
  year={2009},
  publisher={Citeseer}
}

@inproceedings{wong2011exploiting,
  title={Exploiting parse structures for native language identification},
  author={Wong, Sze-Meng Jojo and Dras, Mark},
  booktitle={Proceedings of the Conference on Empirical Methods in Natural Language Processing},
  pages={1600--1610},
  year={2011},
  organization={Association for Computational Linguistics}
}

@article{brooke2012robust,
  title={Robust, lexicalized native language identification},
  author={Brooke, Julian and Hirst, Graeme},
  year={2012},
  publisher={Citeseer}
}

@inproceedings{brooke2012measuring,
  title={Measuring Interlanguage: Native Language Identification with L1-influence Metrics.},
  author={Brooke, Julian and Hirst, Graeme},
  booktitle={LREC},
  pages={779--784},
  year={2012}
}

@inproceedings{tetreault2013report,
  title={A report on the first native language identification shared task},
  author={Tetreault, Joel and Blanchard, Daniel and Cahill, Aoife},
  booktitle={Proceedings of the eighth workshop on innovative use of NLP for building educational applications},
  pages={48--57},
  year={2013},
  organization={Citeseer}
}

